%Example article
	@article{PBrown2002,
		author={P. Brown and R. E. Spalding and D. O. Revelle and E. Tagliaferri and S. P. Worden},
		title={The flux of small near-Earth objects colliding with the Earth},
		journal={Nature},
		volume={420},
		year={2002},
		pages={294-296}}
		
    @misc{palotai2018analysis,
        title={Analysis of June 2, 2016 bolide event},
        author={Csaba Palotai and Ramanakumar Sankar and Dwayne L. Free and J. Andreas Howell and Elena Botella and Daniel Batcheldor},
        year={2018},
        eprint={1801.05072},
        archivePrefix={arXiv},
        primaryClass={astro-ph.EP}}
    
    @misc{atkinson_2018, 
        title={What Is The Difference Between Asteroids and Meteorites?}, url={https://www.universetoday.com/36398/what-is-the-difference-between-asteroids-and-meteorites/}, 
        journal={Universe Today}, 
        author={Atkinson, Nancy}, 
        year={2018}, 
        month={Apr}}
        
    @article{Villabeto, 
        title={The Villalbeto de la Pena meteorite fall: I. Fireball energy, meteorite recovery, strewn field, and petrography}, volume={40}, 
        DOI={10.1111/j.1945-5100.2005.tb00155.x}, 
        number={6}, 
        journal={Meteoritics & Planetary Science}, 
        author={Llorca, Jordi and Trigo-Rodríguez, Josep M. and Ortiz, José L. and Docobo, José A. and García-Guinea, Javier and Castro-Tirado, Alberto J. and Rubin, Alan E. and Eugster, Otto and Edwards, Wayne and Laubenstein, Matthias and et al.}, 
        year={2005}, 
        pages={795–804}}
        
    @article{jenniskens, 
        title={CAMS: Cameras for Allsky Meteor Surveillance to establish minor meteor showers}, 
        volume={216}, url={https://www.sciencedirect.com/science/article/abs/pii/S0019103511003290}, 
        DOI={10.1016/j.icarus.2011.08.012}, 
        number={1}, 
        journal={Icarus}, 
        author={Jenniskens, P. and Gural, P.s. and Dynneson, L. and Grigsby, B.j. and Newman, K.e. and Borden, M. and Koop, M. and Holman, D.}, 
        year={2011}, 
        pages={40–61}}
        
    @article{SPMN, 
        title={The 2006 Orionid outburst imaged by all-sky CCD cameras from Spain: meteoroid spatial fluxes and orbital elements}, 
        volume={380}, 
        url={https://academic.oup.com/mnras/article/380/1/126/1323150}, DOI={10.1111/j.1365-2966.2007.11966.x}, 
        number={1}, 
        journal={Monthly Notices of the Royal Astronomical Society}, author={Trigo-Rodríguez, Josep M. and Madiedo, José M. and Llorca, Jordi and Gural, Peter S. and Pujols, Pep and Tezel, Tunc}, 
        year={2007}, 
        pages={126–132}}
    @misc{McSwain, 
        title={Using An All-Sky Camera to Observe Fireballs and Characterize Near-Earth Meteoroids},
        journal={Willamette University},
        volume={Physics Thesis},
        author={McSwain, Kyle}, 
        year={2016}}
        
    @misc{Gibson, 
        title={An Analysis of Fireballs from Willamette's D6 AllSky Survey}, 
        journal={Willamette University},
        volume={Physics Thesis},
        author={Gibson, Peter J}, 
        year={2019}}
    
